@monography{herbert,
	Adress={Brasília},
	Author={Reis, H. C.},
	Pages={87},
	School={Universidade de Brasília},
	Title={Especifica{\c c}ão de um formato de arquivo open source para audiobooks com suporte a marca{\c c}ões de conteúdo},
	Type={Gradua{\c c}ão},
	Year={2013}
}

@misc{sox,
	Subtitle={Site},
	Title={Sound eXchande},
	Author={Sox},
	Url={http://www.sox.sourceforge.net},
	Urlaccessdate={20 set. 2014},
	Year={2014}
}

@misc{phonearena,
	Subtitle={Site},
	Title={Phone Arena},
	Author={Victor},
	Url={http://www.phonearena.com/news/Moores-Law-is-coming-to-an-end_id54127},
	Urlaccessdate={24 set. 2014},
	Year={2014}
}

@article{cloud,
	Author={Fagundes, E. M.},
	Title={O desafio do consumo de energia dos Data Centers no Brasil},
	Url={http://efagundes.com/itgov/o-desafio-do-consumo-de-energia-dos-data-centers-no-brasil},
	Urlaccessdate={29 set. 2014},
	Year={2014}
}

@book{moore,
	Author={Disco, Cornelis and Meulen, Barend van der},
	Title={Getting New Technologies Together: Studies in Making Sociotechnical Order},
	Publisher={De Gruyter},
	Address={Berlin, Boston},
	Year={2012}	
}

@book{tanenbaumorganizacao,
	Author={Tanenbaum, A. S.},
	Title={Organiza{\c c}ão Estruturada de Computadores},
	Publisher={Pearson Prentice Hall},
	Edition={5 edi{\c c}ão},
	Year={2007}
}

@book{forouzan,
	Author={Forouzan, Behrouz A.},
	Title={Comunica{\c c}ão de Dados e Redes de Computadores},
	Publisher={Mcgraw Hill Brasil},
	Year={2006}
}

@book{compressaomultimidia,
	Author={Ribeiro, Nuno and Torres, José},
	Title={Tecnologias de Compressão Multimédia},
	Publisher={FCA},
	Year={2009}
}

@monography{compressaoadaptativa,
	Adress={Ouro Preto},
	Author={Assis, A. F.},
	School={Universidade Federal de Outro Preto},
	Title={Proposta de Middleware para Compressão Adaptativa de Dados em Ambientes Android},
	Type={Especializa{\c c}ão},
	Year={2010}	
}

@book{tenenbaumdados,
	Author={Tenenbaum, Aaron M. and Langsam, Yedidyah and Augenstein, Moshe J. and de Souza, Teresa Cristina Félix},
	Title={Estrutura de dados usando C},
	Publisher={Pearson Makron Books},
	Year={2004}
}

@monography{compressaoaudio,
	Adress={Brasília},
	Author={Braga, Endrizzo Galilei Carmo},
	School={Departamento de Engenharia Elétrica, Universidade de Brasília},
	Title={Compressão de Áudio},
	Pages={76},
	Type={Projeto Final de Gradua{\c c}ão},
	Year={2003}	
}

@book{sayood,
	Author={Sayood, Khalid},
	Title={Introduction to data compression},
	Publisher={Newnes},
	Year={2012}
}

@article{audiobooksuporte,
	Author={Souza, M. S. D. and Celva, R. A. and Helvadjian, V.},
	Title={Audiolivro: um suporte para a educa{\c c}ão literária},
	Url={http://ltp.emnuvens.com.br/ltp/article/viewFile/69/66},
	Urlaccessdate={22 out. 2014},
	Year={2006}
}

@article{audiobookinovacao,
	Author={Palleta, F. A. C. and Watanabe, E. T. Y. and Penilha, D. F.},
	Title={Audiolivro: inova{\c c}ões tecnológicas, tendências e divulga{\c c}ão},
	Adress={São Paulo},
	Year={2008}
}

@article{teixeira,
	Author={Teixeira, J.},
	Title={Leitura de ouvido},
	Publisher={Veja},
	Pages={135, n. 35, ano 39},
	Adress={São Paulo},
	Year={2006}
}

@misc{audible,
	Subtitle={Site},
	Title={Home page},
	Author={Audible},
	Url={http://www.audible.com},
	Urlaccessdate={27 out. 2014},
	Year={2014}
}

@article{dw,
	Title={Audiolivro vira moda na Alemanha},
	Author={DW},
	Publisher={DW, Deutsche Welle},
	Url={http://dw.de/p/4wvJ},
	Urlaccessdate={27 out. 2014},
	Year={2004}
}

@article{farias,
	Author={Farias, S. C.},
	Title={O audiolivro e sua contribui{\c c}ão no processo de dissemina{\c c}ão de informa{\c c}ões e na inclusão social},
	Publisher={Revista Digital de Biblioteconomia e Ciência da Informa{\c c}ão},
	Url={http://www.sbu.unicamp.br/seer/ojs/index.php/rbci/article/view/529},
	Version={10, n. 1},
	Year={2012}	
}

@misc{rhj,
	Subtitle={Site},
	Title={Home page},
	Author={RHJ},
	Url={http://www.editorarhj.com.br},
	Urlaccessdate={29 out. 2014},
	Year={2009}
}

@misc{universidadefalada,
	Subtitle={Site},
	Title={Home page},
	Author={Universidade Falada},
	Url={http://www.universidadefalada.com.br},
	Urlaccessdate={02 nov. 2014},
	Year={2004}	
}

@misc{tocalivros,
	Subtitle={Site},
	Title={tocalivros},
	Url={http://www.tocalivros.com},
	Urlaccessdate={11 nov. 2014},
	Year={2014}	
}

@article{publishnews,
	Title={Livros para ouvir},
	Author={Neto, L.},
	Publisher={PublishNews},
	Url={http://www.publishnews.com.br/telas/noticias/detalhes.aspx?id=79097},
	Urlaccessdate={11 nov. 2014},
	Year={2014}
}

@book{pcm,
	Author={Waggener, B.},
	Title={Pulse Code Modulation Techniques},
	Publisher={Springer},
	Year={1994}
}

@book{serraaudio,
	Author={Serra, F.},
	Title={Áudio Digital: A tecnologia aplicada à música e ao tratamento de som},
	Adress={Rio de Janeiro},
	Publisher={Editora Ciência Moderna Ltda},
	Year={2002}
}

@misc{muratnkonar,
	Subtitle={Site},
	Title={Audio Interchange File Format},
	Author={Muratnkonar},
	Url={http://www.muratnkonar.com/aiff/index.html},
	Urlaccessdate={03 nov. 2014},
	Year={2014}	
}

@misc{mpgedit,
	Subtitle={Site},
	Title={MPEG Audio Compression Basics},
	Author={ERROR},
	Url={http://www.mpgedit.org/mpgedit/mpeg_format/mpeghdr.htm},
	Urlaccessdate={03 nov. 2014},
	Year={1999}	
}

@article{mp3oquee,
	Title={MP3},
	Author={Alecrim, E.},
	Publisher={Info Wester},
	Url={http://www.infowester.com/histomptres.php},
	Urlaccessdate={05 nov. 2014},
	Year={2006}
}
@misc{ogg,
	Subtitle={Documento Técnico},
	Title={The Ogg Encapsulation Format Version 0},
	Author={RFC\_3533},
	Url={http://xiph.org/ogg/doc/rfc3533.txt},
	Urlaccessdate={03 nov. 2014},
	Year={2003}
}

@misc{vorbis,
	Subtitle={Site},
	Title={Vorbis I specification},
	Author={Xiph.org},
	Url={http://wiki.xiph.org/vorbis/doc/Vorbis_I_spec.html},
	Urlaccessdate={03 nov. 2014},
	Year={2012}
}

@misc{vbr,
	Subtitle={Entendendo o MP3 (CBR, ABR, VBR)},
	Title={Becker, F.},
	Url={http://www.midideejay.com/2009/03/tutorial-mp3-cbr-abr-vbr.html},
	Urlaccessdate={15 nov. 2014},
	Year={2014}
}

@article{mdct,
	Title={Computation of Forward and Inverse MDCT Using Clenshaw's Recurrence Formula},
	Author={Nikolajevic, V. and Fettewis, G.},
	Publisher={IEEE Transactions on Signal Precessing},
	Url={http://www.infowester.com/histomptres.php},
	Urlaccessdate={13 nov. 2014},
	Year={2003}
}

@article{algoritmocompressao,
	Title={Ogg Vorbis: Subjective assessment of sound quality at very low bit rates},
	Author={Svítek, J.},
	Publisher={Cesnet Archiv},
	Url={http://archiv.cesnet.cz/doc/techzpravy/2006/vorbis/#Vor00},
	Urlaccessdate={12 nov. 2014},
	Year={2006}
}

@misc{license,
	Subtitle={Site},
	Title={Vorbis Audio Compression},
	Author={Xiph.org},
	Url={http://www.xiph.org/vorbis/},
	Urlaccessdate={15 nov. 2014},
	Year={2000}
}

@misc{licenseterms,
	Subtitle={Site},
	Title={Vorbis Audio Compression},
	Author={Xiph.org},
	Url={http://www.xiph.org/licenses/bsd/},
	Urlaccessdate={15 nov. 2014},
	Year={1994}
}

@misc{googleacademico,
	Subtitle={Site},
	Title={Google Acadêmico},
	Author={Google},
	Url={http://scholar.google.com.br},
	Urlaccessdate={15 nov. 2014},
	Year={2014}
}

@misc{scielo,
	Subtitle={Site},
	Title={Scientific Electronic Library Online},
	Author={Scielo},
	Url={http://www.scielo.org/php/index.php},
	Urlaccessdate={14 nov. 2014},
	Year={2014}
}

@misc{acm,
	Subtitle={Site},
	Title={ACM Digital Library},
	Author={ACM},
	Url={http://dl.acm.org},
	Urlaccessdate={12 nov. 2014},
	Year={2014}
}

@article{ebooks,
	Author={Blanck, P.},
	Title={E-Books Must Be Accessible, and That Means Audio},
	Url={http://chronicle.com/article/E-Books-Must-Be-Accessible/64518/},
	Urlaccessdate={14 mar. 2015},
	Year={2010}
}

@article{printdisable,
	Author={Burkey, M.},
	Title={Accessible Audiobooks for the Print Disabled},
	Url={http://www.booklistonline.com},
	Urlaccessdate={14 mar. 2015},
	Year={2013}
}

@article{torrenttitles,
	Author={Palmer, A.},
	Title={A Torrent Of Titles},
	Url={http://www.publishersweekly.com},
	Urlaccessdate={14 mar. 2015},
	Year={2013}
}

@misc{startupi,
	Subtitle={Site},
	Title={StartUpI},
	Url={http://startupi.com.br/2015/01/audiolivros-um-mercado-em-crescimento-e-emergente/},
	Urlaccessdate={21 maio. 2015},
	Year={2015}	
}

@article{challenge,
	Author={Shaffi, S. and Wood, F.},
	Title={Accessibility is still a 'challenge' for publishers},
	Url={http://www.thebookseller.com},
	Urlaccessdate={18 mar. 2015},
	Year={2014}
}

@article{multitask,
	Author={Malczewski, B.},
	Title={Multi-tasker's Dream},
	Url={http://reviews.libraryjournal.com/2012/04/media/audio/multi-taskers-dream-as-new-formats-emerge-audiobooks-seem-poised-to-expand-their-reach-but-challenges-persist/},
	Urlaccessdate={18 mar. 2015},
	Year={2012}
}

@misc{cartilha,
	Subtitle={Site},
	Title={Cartilha do Censo 2010},
	Url={http://www.pessoacomdeficiencia.gov.br/app/sites/default/files/publicacoes/cartilha-censo-2010-pessoas-com-deficienciareduzido.pdf},
	Urlaccessdate={23 maio. 2015},
	Year={2015}	
}

@monography{patricia,
	Adress={João Pessoa},
	Author={Jesus, P. S.},
	Title={Inclusão Ponto a Ponto: a inclusão social da pessoa com deficiência visual através da produção escrita},
	Type={Anais},
	Year={2007}
}

@article{matos,
	Author={Matos, S. R.},
	Title={Educação, cidadania e esclusão à luz da educação especial: retrato da teoria e da vivência},
	Url={http://www.ibc.gov.br/Nucleus/index.php?catid=4&itemid=46},
	Urlaccessdate={21 mar. 2015},
	Year={2003}
}

@misc{escolasbrasileiras,
	Subtitle={Site},
	Title={Alunos cegos enfrentam dificuldades em escolas brasileiras},
	Url={http://noticias.terra.com.br/educacao/interna/0,,OI3593724-EI8266,00-Alunos+cegos+enfrentam+dificuldades+em+escolas+brasileiras.html},
	Urlaccessdate={23 maio. 2015},
	Year={2009}	
}

@article{revistaabc,
	Author={Silva, C. C. M. and Turatto, J. and Machado, L. H.},
	Title={Os Deficientes Visuais e o Acesso à Informação},
	Url={http://www.ibc.gov.br/Nucleus/index.php?catid=4&itemid=46},
	Urlaccessdate={21 mar. 2015},
	Year={2003}
}

@misc{botelho,
	Subtitle={Site},
	Title={Software auxilia pessoas com deficiência visual},
	Url={http://porvir.org/porcriar/software-auxilia-pessoas-deficiencia-visual/20120719},
	Urlaccessdate={28 maio. 2015},
	Year={2012}	
}

@misc{camara,
	Author={Câmara dos Deputados},
	Subtitle={Site},
	Title={Como lidar com as pessoas com deficiência},
	Url={http://www2.camara.leg.br/responsabilidade-social/acessibilidade/Como-lidar.html},
	Urlaccessdate={28 out. 2015}
}

@misc{bengalalegal,
	Author={Bengala Legal},
	Subtitle={Site},
	Title={Convenção sobre os Direitos das Pessoas com Deficiência},
	Url={http://www.bengalalegal.com/convencao},
	Urlaccessdate={28 out. 2015},
	Year={2006}
}

@article{sassaki,
	Author={Sassaki, R. K.},
	Title={Terminologia Sobre Deficiência na Era da Inclusão},
	Url={https://acessibilidadecultural.wordpress.com/2011/09/07/terminologia-sobre-deficiencia-na-era-da-inclusao/},
	Urlaccessdate={28 out. 2015},
	Year={2005}
}

@monography{jhcp,
	Adress={Recife},
	Author={Pimentel, J. H. C.},
	Pages={86},
	School={Universidade Federal de Pernambuco},
	Title={Adequa{\c c}ão de um processo de reuso de requisitos a uma empresa desenvolvedora de software},
	Type={Gradua{\c c}ão},
	Year={2008}
}

@misc{brunobrum,
	Author={Reflectz},
	Subtitle={Site},
	Title={Principais técnicas de levatamento de requisitos de sistemas},
	Url={https://brunobrum.wordpress.com/2011/04/27/principais-tecnicas-de-levantamento-de-requisitos-de-sistemas/},
	Urlaccessdate={29 out. 2015},
	Year={2011}	
}

@book{sommerville2004software,
  title={Software Engineering},
  author={Sommerville, I.},
  isbn={9780321210265},
  lccn={2004007038},
  series={International computer science series},
  url={https://books.google.com.br/books?id=fIJQAAAAMAAJ},
  year={2004},
  publisher={Pearson/Addison-Wesley}
}

@article{pabre,
	Author={Renault, S.},
	Title={PABRE: Pattern-based Requirements Elicitation},
	Url={http://ieeexplore.ieee.org/xpl/articleDetails.jsp?tp=&arnumber=5089271&url=http%3A%2F%2Fieeexplore.ieee.org%2Fxpls%2Fabs_all.jsp%3Farnumber%3D5089271},
	Urlaccessdate={28 out. 2015},
	Pages={81-92},
	isbn={9781424428656},
	Publisher={IEEE},
	Year={2009}
}

@article{kulpa,
	Author={Kulpa, C. C. and Teixeira, F. G. and Silva, R. P.},
	Title={Um Modelo de Cores na Usabilidade das Interfaces Computacionais para os Deficientes de Baixa Visão},
	Url={http://www.pgdesign.ufrgs.br/designetecnologia/index.php/det/article/viewFile/8/7},
	Urlaccessdate={21 nov. 2015},
	Year={2010}
}

@article{griffith,
	Author={Griffith, A.},
	Title={Ensinando cores contrastantes na arte},
	Url={http://www.ehow.com.br/ensinando-cores-contrastantes-info_388669/},
	Urlaccessdate={21 nov. 2015},
}

@book{cohn2004user,
  title={User Stories Applied: For Agile Software Development (Adobe Reader)},
  author={Cohn, M.},
  isbn={9780132702645},
  series={Addison-Wesley Signature Series (Beck)},
  url={https://books.google.com.br/books?id=DHZP\_YL3FxYC},
  year={2004},
  publisher={Pearson Education}
}

@book{grenning2011test,
  title={Test Driven Development for Embedded C},
  author={Grenning, J.W.},
  isbn={9781934356623},
  lccn={2011293673},
  series={Pragmatic Bookshelf Series},
  url={https://books.google.com.br/books?id=QuUBRQAACAAJ},
  year={2011},
  publisher={Pragmatic Bookshelf}
}

@book{beck2001planning,
  title={Planning Extreme Programming},
  author={Beck, K. and Fowler, M.},
  isbn={9780201710915},
  lccn={00064306},
  series={The XP series},
  url={https://books.google.com.br/books?id=u13hVoYVZa8C},
  year={2001},
  publisher={Addison-Wesley}
}

@misc{colors,
	Author={Artur, R.},
	Subtitle={Site},
	Title={Contraste de Cores},
	Url={http://ricardoartur.com.br/1001/2011/04/contraste-de-cores/},
	Urlaccessdate={21 nov. 2015},
	Year={2011}	
}